@article{githut,
    author = {Carlo Zapponi},
    title = {GitHut},
    journal = {https://madnight.github.io/githut//\#/stars/2024/1},
    year = 2024
}

@article{websitesstats,
    title = {How Many Websites Are There in the World?},
    journal = {https://siteefy.com/how-many-websites-are-there/},
    year = 2024
}

@inproceedings{ponce2019migrating,
  title={Migrating from monolithic architecture to microservices: A Rapid Review},
  author={Ponce, Francisco and M{\'a}rquez, Gast{\'o}n and Astudillo, Hern{\'a}n},
  booktitle={2019 38th International Conference of the Chilean Computer Science Society (SCCC)},
  pages={1--7},
  year={2019},
  organization={IEEE}
}

@inproceedings{al2018comparative,
  title={A comparative review of microservices and monolithic architectures},
  author={Al-Debagy, Omar and Martinek, Peter},
  booktitle={2018 IEEE 18th International Symposium on Computational Intelligence and Informatics (CINTI)},
  pages={000149--000154},
  year={2018},
  organization={IEEE}
}

@article{blinowski2022monolithic,
  title={Monolithic vs. microservice architecture: A performance and scalability evaluation},
  author={Blinowski, Grzegorz and Ojdowska, Anna and Przyby{\l}ek, Adam},
  journal={IEEE Access},
  volume={10},
  pages={20357--20374},
  year={2022},
  publisher={IEEE}
}

@article{шитько2017проектирование,
  title={Проектирование микросервисной архитектуры программного обеспечения},
  author={Шитько, Андрей Михайлович},
  journal={Труды БГТУ. Серия 3: Физико-математические науки и информатика},
  number={9 (200)},
  pages={122--125},
  year={2017},
  publisher={УО {\guillemotleft}Белорусский государственный технологический университет{\guillemotright}}
}

@article{артамонов2016разработка,
  title={Разработка распределенных приложений сбора и анализа данных на базе микросервисной архитектуры},
  author={Артамонов, Юрий Сергеевич and Востокин, Сергей Владимирович},
  journal={Известия Самарского научного центра Российской академии наук},
  volume={18},
  number={4-4},
  pages={688--693},
  year={2016},
  publisher={Федеральное государственное бюджетное учреждение науки {\guillemotleft}Самарский~…}
}
